<?xml version="1.0" encoding="UTF-8"?><collection xmlns="http://www.loc.gov/MARC21/slim"><record><leader>00455nam--2200133-i-4500</leader><controlfield tag="001">000018784</controlfield><controlfield tag="002">20161230</controlfield><controlfield tag="005">20161230201032</controlfield><controlfield tag="008">060222s1000------------r-----000-0-eng-d</controlfield><datafield ind1=" " ind2=" " tag="245"><subfield code="a">Proceedings of the symposium on quasi-optics new york, n,y., 8,9,10, 1964</subfield></datafield><datafield ind1=" " ind2=" " tag="260"><subfield code="a">Brooklyn, N.Y., Polytechnic Press, 1964. Xxiv + 636 P</subfield></datafield><datafield ind1=" " ind2=" " tag="490"><subfield code="a">Polytechnic Institute Of Brooklyn, Microwave Research Institute Symposia Series</subfield></datafield><datafield ind1=" " ind2=" " tag="700"><subfield code="a">Fox, Jerome</subfield></datafield><datafield ind1=" " ind2=" " tag="852"><subfield code="a">15648</subfield></datafield></record></collection>